<record xmlns="http://www.loc.gov/MARC21/slim" xmlns:xsi="http://www.w3.org/2001/XMLSchema-instance" xsi:schemaLocation="http://www.loc.gov/MARC21/slim http://www.loc.gov/standards/marcxml/schema/MARC21slim.xsd"><leader>02274nam a2200445   4500</leader><controlfield tag="001">3369401</controlfield><controlfield tag="003">NNC</controlfield><controlfield tag="006">m        d        </controlfield><controlfield tag="007">cr cn |||m|||a</controlfield><controlfield tag="008">150223s1956    iq c    ob    000 0 ara d</controlfield><datafield ind1=" " ind2=" " tag="040"><subfield code="a">NNU</subfield><subfield code="b">eng</subfield><subfield code="e">rda</subfield><subfield code="c">NNU</subfield></datafield><datafield ind1=" " ind2=" " tag="043"><subfield code="a">a-iq---</subfield></datafield><datafield ind1="0" ind2="0" tag="050"><subfield code="a">PN6519.A7</subfield><subfield code="b">D33 1956</subfield></datafield><datafield ind1="1" ind2=" " tag="100"><subfield code="6">880-01</subfield><subfield code="a">Dabba&#772;gh, &#699;Abd al-Kha&#772;liq Khali&#772;l.</subfield></datafield><datafield ind1="1" ind2="0" tag="245"><subfield code="6">880-02</subfield><subfield code="a">Mu&#699;jam amtha&#772;l al-Maws&#803;il al-&#699;a&#772;mmi&#772;yah :</subfield><subfield code="b">sharh&#803; wa-tah&#803;li&#772;l /</subfield><subfield code="c">&#699;Abd al-Kha&#772;liq Khali&#772;l al-Dabba&#772;gh al-Hadhali&#772;.</subfield></datafield><datafield ind1="3" ind2=" " tag="246"><subfield code="a">Anthology of Mosul sayings</subfield></datafield><datafield ind1=" " ind2=" " tag="250"><subfield code="6">880-03</subfield><subfield code="a">al-T&#803;ab&#699;ah 1.</subfield></datafield><datafield ind1=" " ind2=" " tag="260"><subfield code="6">880-04</subfield><subfield code="a">al-Maws&#803;il :</subfield><subfield code="b">al-Maktabah al-&#699;Arabi&#772;yah,</subfield><subfield code="c">1956.</subfield></datafield><datafield ind1=" " ind2=" " tag="300"><subfield code="a">online resource (2 volumes in 1)</subfield></datafield><datafield ind1=" " ind2=" " tag="336"><subfield code="a">text</subfield><subfield code="2">rdacontent</subfield></datafield><datafield ind1=" " ind2=" " tag="337"><subfield code="a">computer</subfield><subfield code="2">rdamedia</subfield></datafield><datafield ind1=" " ind2=" " tag="338"><subfield code="a">online resource</subfield><subfield code="2">rdacarrier</subfield></datafield><datafield ind1=" " ind2=" " tag="500"><subfield code="a">Title on p. 4 of cover: Anthology of Mosul sayings.</subfield></datafield><datafield ind1=" " ind2=" " tag="500"><subfield code="a">Part of the Arabic Collections Online (ACO) project, contributed by Columbia University Libraries.</subfield></datafield><datafield ind1=" " ind2=" " tag="504"><subfield code="a">Includes bibliographical references.</subfield></datafield><datafield ind1=" " ind2=" " tag="533"><subfield code="a">Electronic reproduction.</subfield><subfield code="b">New York, N.Y. :</subfield><subfield code="c">New York University,</subfield><subfield code="d">2015.</subfield><subfield code="5">NNU</subfield></datafield><datafield ind1=" " ind2="0" tag="650"><subfield code="a">Proverbs, Arabic</subfield><subfield code="z">Iraq</subfield><subfield code="z">Mosul.</subfield></datafield><datafield ind1=" " ind2="7" tag="650"><subfield code="a">Proverbs, Arabic.</subfield><subfield code="2">fast</subfield><subfield code="0">(OCoLC)fst01080229</subfield></datafield><datafield ind1=" " ind2="7" tag="651"><subfield code="a">Iraq</subfield><subfield code="z">Mosul.</subfield><subfield code="2">fast</subfield><subfield code="0">(OCoLC)fst01202687</subfield></datafield><datafield ind1="2" ind2=" " tag="710"><subfield code="a">Columbia University.</subfield><subfield code="b">Libraries.</subfield></datafield><datafield ind1="0" ind2=" " tag="730"><subfield code="a">Arabic Collections Online.</subfield></datafield><datafield ind1="0" ind2="8" tag="776"><subfield code="i">Online version:</subfield><subfield code="a">Dabba&#772;gh, &#699;Abd al-Kha&#772;liq Khali&#772;l.</subfield><subfield code="t">Mu&#699;jam amtha&#772;l al-Maws&#803;il al-&#699;a&#772;mmi&#772;yah.</subfield><subfield code="b">al-T&#803;ab&#699;ah 1.</subfield><subfield code="d">al-Maws&#803;il : al-Maktabah al-&#699;Arabi&#772;yah, 1956</subfield><subfield code="w">(OCoLC)651979502</subfield></datafield><datafield ind1="0" ind2="8" tag="776"><subfield code="i">Print version:</subfield><subfield code="a">Dabba&#772;gh, &#699;Abd al-Kha&#772;liq Khali&#772;l.</subfield><subfield code="t">Mu&#699;jam amtha&#772;l al-Maws&#803;il al-&#699;a&#772;mmi&#772;yah</subfield><subfield code="w">(NNC)3369401</subfield><subfield code="w">(DLC) 90966929 </subfield><subfield code="w">(OCoLC)31289090</subfield></datafield><datafield ind1="4" ind2="0" tag="856"><subfield code="u">http://hdl.handle.net/2333.1/3bk3jcbd</subfield></datafield><datafield ind1="1" ind2=" " tag="880"><subfield code="6">100-01</subfield><subfield code="a">&#1583;&#1576;&#1575;&#1594;&#1548; &#1593;&#1576;&#1583; &#1575;&#1604;&#1582;&#1575;&#1604;&#1602; &#1582;&#1604;&#1610;&#1604;.</subfield></datafield><datafield ind1="1" ind2="0" tag="880"><subfield code="6">245-02</subfield><subfield code="a">&#1605;&#1593;&#1580;&#1605; &#1571;&#1605;&#1579;&#1575;&#1604; &#1575;&#1604;&#1605;&#1608;&#1589;&#1604; &#1575;&#1604;&#1593;&#1575;&#1605;&#1610;&#1577; :</subfield><subfield code="b">&#1588;&#1585;&#1581; &#1608;&#1578;&#1581;&#1604;&#1610;&#1604; /</subfield><subfield code="c">&#1593;&#1576;&#1583; &#1575;&#1604;&#1582;&#1575;&#1604;&#1602; &#1582;&#1604;&#1610;&#1604; &#1575;&#1604;&#1583;&#1576;&#1575;&#1594; &#1575;&#1604;&#1607;&#1584;&#1604;&#1610;.</subfield></datafield><datafield ind1=" " ind2=" " tag="880"><subfield code="6">250-03</subfield><subfield code="a">&#1575;&#1604;&#1591;&#1576;&#1593;&#1577; 1.</subfield></datafield><datafield ind1=" " ind2=" " tag="880"><subfield code="6">260-04</subfield><subfield code="a">&#1575;&#1604;&#1605;&#1608;&#1589;&#1604; :</subfield><subfield code="b">&#1575;&#1604;&#1605;&#1603;&#1578;&#1576;&#1577; &#1575;&#1604;&#1593;&#1585;&#1576;&#1610;&#1577;&#1548;</subfield><subfield code="c">1956.</subfield></datafield><datafield ind1=" " ind2=" " tag="959"><subfield code="a">NNU</subfield><subfield code="b">WEB</subfield><subfield code="c">GENI</subfield><subfield code="t">0</subfield><subfield code="m">Electronic access</subfield><subfield code="s">01</subfield></datafield><datafield ind1=" " ind2=" " tag="999"><subfield code="i">NNC_3369401</subfield><subfield code="o">(OCoLC)31289090</subfield><subfield code="e">OK</subfield><subfield code="s">columbia_aco000015</subfield></datafield></record>